@article{MacKenzie2001,
  author = {I.S. MacKenzie},
  journal = {UIST (User Interface Software and Technology): Proceedings of the ACM Symposium},
  title = {LetterWise},
  subtitle = {Prefix-based disambiguation for mobile text input},
  year = {2001},
  pages = {111 - 120},
  URL = {http://ezproxy.muni.cz/login?url=http://search.ebscohost.com/login.aspx?direct=true\&AuthType=ip,cookie,uid\&db=edselc\&AN=edselc.2-52.0-0035750772\&lang=cs\&site=eds-live\&scope=site},
  urldate = {2015-10-22},
  hyphenation = {english},
}

@ONLINE {czTenTen12_info,
    title = "Corpus czTenTen12 – statistics and info",
    year  = "2015",
    url   = "https://ske.fi.muni.cz/bonito/run.cgi/corp_info?corpname=preloaded/cztenten12_8",
	urldate = {2015-10-22},
	hyphenation = {english},
}

@ONLINE{enTenTen13_info,
	title = {Corpus enTenTen [2013] – statistics and info},
	year = {2015},
	url = {https://ske.fi.muni.cz/bonito/run.cgi/corp_info?corpname=preloaded/ententen13},
	urldate = {2015-10-22},
	hyphenation = {english},
}

@misc{kocienda2012method,
	title={Method, device, and graphical user interface providing word recommendations for text input},
	author={Kocienda, K. and Christie, G. and Ording, B. and Forstall, S. and Williamson, R. and Bellegarda, J.R.},
	url={https://www.google.com/patents/US8232973},
	year={2012},
	month=jul # "~31",
	publisher={Google Patents},
	note={US Patent 8,232,973},
	hyphenation = {english},
    urldate	= "2015-10-23"
}

@article{ward2012autocomplete,
	title={Autocomplete as research tool: A study on providing search suggestions},
	author={Ward, David and Hahn, Jim and Feist, Kirsten},
	journal={Information Technology and Libraries},
	volume={31},
	number={4},
	pages={6--19},
	year={2012},
	hyphenation = {english},
}

@ONLINE {google2015,
    author = "Google",
    title  = "Automatické doplňování",
    year   = "2015",
    url    = "https://support.google.com/websearch/answer/106230?hl=cs\&vid=1-635809595515389355-3739668669",
	hyphenation = {czech},
    urldate	= "2015-10-23"
}

@ARTICLE {alanhenry2014,
    author  = "Alan Henry",
    title   = "How Predictive Keyboards Work (and How You Can Train Yours Better)",
    journal = "Lifehacker",
    year    = "2014",
    url 	= "http://lifehacker.com/how-predictive-keyboards-work-and-how-you-can-train-yo-1643795640",
	hyphenation = {english},
    urldate	= "2015-10-23"
}

@ARTICLE{levenshtein1965,
    author    = "Владимир И. Левенщтейн",
    title     = "Двоичные коды с исправлением выпадений, вставок и замещений символов",
    publisher = "Доклады Академий Наук СCCP",
    year      = "1965",
    pages	  = "845-848",
    volume 	  = "163",
    number	  = "4"
}

@ARTICLE{levenshtein-en1966,
	author	= "Levenshtein, V.~I.",
	title	= "Binary Codes Capable of Correcting Deletions, Insertions and Reversals",
	journal	= "Soviet Physics Doklady",
	year	= "1966",
	month	= "feb",
	volume	= "10",
	pages	= "707",
	url		= "http://adsabs.harvard.edu/abs/1966SPhD...10..707L",
	note	= "[Překlad Левенщтейн, 1965]",
	hyphenation = {english},
    urldate	= "2015-10-23"
}

@ONLINE {peternorvig,
    author = "Peter Norvig",
    title  = "How to Write a Spelling Corrector",
    url    = "http://norvig.com/spell-correct.html",
    urldate = "2015-10-23"
}

@book{vcermak2004frekvenvcni,
  title={Frekven{\v{c}}n{\'\i} slovn{\'\i}k {\v{c}}e{\v{s}}tiny},
  author={{\v{C}}erm{\'a}k, Franti{\v{s}}ek and Blatn{\'a}, Renata},
  pages={11-14},
  year={2004},
  publisher={Lidov{\'e} Noviny},
  address={Praha},
}

@article{nation1997vocabulary,
  title={Vocabulary size, text coverage and word lists},
  author={Nation, Paul and Waring, Robert},
  journal={Vocabulary: Description, acquisition and pedagogy},
  volume={14},
  pages={6--19},
  year={1997}
}

@article{lorge1944teacher,
  title={The teacher's word book of 30,000 words},
  author={Lorge, Irving},
  journal={New York: Teachers College, Columbia University},
  year={1944}
}

@book{davies2013frequency,
  title={A frequency dictionary of contemporary American English: Word sketches, collocates and thematic lists},
  author={Davies, Mark and Gardner, Dee},
  year={2013},
  publisher={Routledge}
}

@article{alderson2007judging,
  title={Judging the frequency of English words},
  author={Alderson, J Charles},
  journal={Applied Linguistics},
  volume={28},
  number={3},
  pages={383--409},
  year={2007},
  publisher={Am Assoc Appl Ling}
}